@book{cultivodebananeira,
    Author  = {NOMURA, Edson Shigueaki and Erval Rafael Damatto Junior and Iolanda Satiko Maruyama and José Carlos de Mendonça and Luís Alberto Saes and Luiz Antônio de Campos Penteado and Roberto Tokihiro Kobori and Wilson da Silva Moraes},
    title   = {Cultivo de Bananeira},
    year    = {2020},
    Edition = {2}

}
